@article{lipan2016spatial,
  title={Spatial approaches to hedonic modelling of housing market: Prague case},
  author={Lip{\'a}n, Marek},
  year={2016},
  publisher={Univerzita Karlova, Fakulta soci{\'a}ln{\'\i}ch v{\v{e}}d}
}

@article{formanek2019spatial,
  title={Spatial econometric analysis with applications to regional macroeconomic dynamics},
  author={Form{\'a}nek, Tom{\'a}{\v{s}}},
  year={2019}
}