@article{lipan2016spatial,
  title={Spatial approaches to hedonic modelling of housing market: Prague case},
  author={Lip{\'a}n, Marek},
  year={2016},
  publisher={Univerzita Karlova, Fakulta soci{\'a}ln{\'\i}ch v{\v{e}}d}
}

@article{formanek2019spatial,
  title={Spatial econometric analysis with applications to regional macroeconomic dynamics},
  author={Form{\'a}nek, Tom{\'a}{\v{s}}},
  year={2019}
}

@article{dubin1992spatial,
  title={Spatial autocorrelation and neighborhood quality},
  author={Dubin, Robin A},
  journal={Regional science and urban economics},
  volume={22},
  number={3},
  pages={433--452},
  year={1992},
  publisher={Elsevier}
}

@book{hastie2009elements,
  title={The elements of statistical learning: data mining, inference, and prediction},
  author={Hastie, Trevor and Tibshirani, Robert and Friedman, Jerome},
  year={2009},
  publisher={Springer Science \& Business Media}
}

@article{lesage2009introduction,
  title={Introduction to Spatial Econometrics. Boca Raton: Taylor and Francishttp://dx. doi. org/10.1201/9781420064254},
  author={LeSage, J and Pace, R},
  year={2009}
}

@book{anselin2013spatial,
  title={Spatial econometrics: methods and models},
  author={Anselin, Luc},
  volume={4},
  year={2013},
  publisher={Springer Science \& Business Media}
}