
@book{wooldridge2016introductory-citovat_kapitolu,
  title={Introductory econometrics: A modern approach},
  author={Wooldridge, Jeffrey M},
  year={2016},
  publisher={Nelson Education}
}


@book{greene2003econometric,
  title={Econometric analysis},
  author={Greene, William H},
  year={2003},
  publisher={Pearson Education India}
}

@book{james2013introduction,
  title={An introduction to statistical learning},
  author={James, Gareth and Witten, Daniela and Hastie, Trevor and Tibshirani, Robert},
  volume={112},
  year={2013},
  publisher={Springer}
}

@article{lesage2008introduction,
  title={An introduction to spatial econometrics},
  author={LeSage, James P},
  journal={Revue d'{\'e}conomie industrielle},
  number={123},
  pages={19--44},
  year={2008},
  publisher={De Boeck Sup{\'e}rieur}
}

@article{formanek2019spatial,
  title={Spatial econometric analysis with applications to regional macroeconomic dynamics},
  author={Form{\'a}nek, Tom{\'a}{\v{s}}},
  year={2019}
}

@book{anselin2013spatial,
  title={Spatial econometrics: methods and models},
  author={Anselin, Luc},
  volume={4},
  year={2013},
  publisher={Springer Science \& Business Media}
}

@article{formanek2016stability,
  title={On the stability of spatial econometric models: Application to the Czech Republic and its neighbors},
  author={Form{\'a}nek, T and Hu{\v{s}}ek, R},
  journal={Mathematical Methods in Economics},
  pages={213--218},
  year={2016}
}